@inproceedings{iotPatterns,
  title={Internet of things patterns},
  author={Reinfurt, Lukas and Breitenb{\"u}cher, Uwe and Falkenthal, Michael and Leymann, Frank and Riegg, Andreas},
  booktitle={Proceedings of the 21st European Conference on Pattern Languages of Programs},
  pages={5},
  year={2016},
  organization={ACM}
}

@book{masteringPi,
  author    = {Warren Gay}, 
  title     = {Mastering the Raspberry Pi},
  publisher = {Apress},
  year      = 2014,
  isbn      = {978-1-4842-0181-7}
}

@misc{uml,
  author    = {{Object Management Group}}, 
  title     = {Unified Modeling Language},
  year      = 2017,
  month     = 12,
  howpublished = "\url{https://www.omg.org/spec/UML/2.5.1/PDF}"
}

@misc{raspberry,
  author       = {{Raspberry Pi Foundation}},
  year         = {2012 (accessed February 5, 2018)}, 
  howpublished = "\url{https://www.raspberrypi.org}"
}

@misc{bme280,
  author       = {{Adafruit - BME280}},
  year         = {accessed February 10, 2018}, 
  howpublished = "\url{https://learn.adafruit.com/adafruit-bme280-humidity-barometric-pressure-temperature-sensor-breakout?view=all}"
}

@misc{ccs811,
  author       = {{Adafruit - CCS811}},
  year         = {accessed February 10, 2018}, 
  howpublished = "\url{https://learn.adafruit.com/adafruit-ccs811-air-quality-sensor?view=all}"
}

@misc{si1145,
  author       = {{Adafruit - SI1145}},
  year         = {accessed February 10, 2018}, 
  howpublished = "\url{https://learn.adafruit.com/adafruit-si1145-breakout-board-uv-ir-visible-sensor?view=all}"
}

@misc{speedComp,
  author       = {{The Computer Language
Benchmarks Game}},
  year         = {accessed February 15, 2018}, 
  howpublished = "\url{http://benchmarksgame.alioth.debian.org/u64q/which-programs-are-fastest.html}"
}

@misc{stHum,
  author       = {{STMicroelectronics - HTS221}},
  year         = {accessed February 13, 2018}, 
  howpublished = "\url{http://www.st.com/content/st_com/en/products/mems-and-sensors/humidity-sensors/hts221.html}"
}

@misc{stPress,
  author       = {{STMicroelectronics - LPS25HB}},
  year         = {accessed February 13, 2018}, 
  howpublished = "\url{http://www.st.com/content/st_com/en/products/mems-and-sensors/pressure-sensors/lps25hb.html}"
}

@misc{seattleHomepage,
  author       = {Seattle},
  year         = {2013 (accessed February 5, 2018)}, 
  howpublished = "\url{https://seattle.poly.edu/html/}"
}

@misc{seattleGithub,
  author       = {{Seattle - Github}},
  year         = {2014 (accessed February 5, 2018)}, 
  howpublished = "\url{https://github.com/SeattleTestbed}"
}

@misc{repyFork,
  author       = {{Repy V2 - Github Fork}},
  year         = {2017 (accessed February 9, 2018)}, 
  howpublished = "\url{https://github.com/Peter0014/repy_v2}"
}

@misc{lora,
  author = {Sornin, N. and Luis, M. and Eirich, T. and Kramp, T. and Hersent, O.},
  title  = {LoRaWANâ„¢ Specification},
  year   = {2015},
  howpublished = {LoRa Alliance}
}

@INPROCEEDINGS{urbanRasp, 
author={R. Shete and S. Agrawal}, 
booktitle={2016 International Conference on Communication and Signal Processing (ICCSP)}, 
title={IoT based urban climate monitoring using Raspberry Pi}, 
year={2016}, 
month={April}
}

@INPROCEEDINGS{smartEnv, 
author={M. Ibrahim and A. Elgamri and S. Babiker and A. Mohamed}, 
booktitle={2015 Fifth International Conference on Digital Information Processing and Communications (ICDIPC)}, 
title={Internet of things based smart environmental monitoring using the Raspberry-Pi computer}, 
year={2015}, 
month={Oct}
}

@INPROCEEDINGS{loraEval, 
author={A. J. Wixted and P. Kinnaird and H. Larijani and A. Tait and A. Ahmadinia and N. Strachan}, 
booktitle={2016 IEEE SENSORS}, 
title={Evaluation of LoRa and LoRaWAN for wireless sensor networks}, 
year={2016}, 
month={Oct}
}

@INPROCEEDINGS{raspNet, 
author={R. B. Anire and F. R. G. Cruz and I. C. Agulto}, 
booktitle={2017IEEE 9th International Conference on Humanoid, Nanotechnology, Information Technology, Communication and Control, Environment and Management (HNICEM)}, 
title={Environmental wireless sensor network using raspberry Pi 3 for greenhouse monitoring system}, 
year={2017}, 
month={Dec}
}

@inproceedings{seattlePaper,
  title={Experience with seattle: A community platform for research and education},
  author={Zhuang, Yanyan and Rafetseder, Albert and Cappos, Justin},
  booktitle={Research and Educational Experiment Workshop (GREE), 2013 Second GENI},
  pages={37--44},
  year={2013},
  organization={IEEE}
}

@article{carWork,
  title={Accounting for carbon dioxide emissions: A matter of time},
  author={Caldeira, Ken and Davis, Steven J},
  journal={Proceedings of the National Academy of Sciences},
  volume={108},
  number={21},
  pages={8533--8534},
  year={2011},
  publisher={National Acad Sciences}
}

@misc{lightDesc,
  title={Ultraviolet light measuring chip and ultraviolet light sensor using the same},
  author={Mori, Kazuyoshi and Nishida, Takeshi and Hashimoto, Hideaki},
  year={2003},
  month=apr # "~22",
  publisher={Google Patents},
  note={US Patent 6,551,493}
}

@phdthesis{pythonC,
  title={Efficient parallel programming using Python and C},
  author={An, Fenghua},
  year={2006},
  school={Oklahoma State University}
}

@article{iot,
  title={Internet of things},
  author={Xia, Feng and Yang, Laurence T and Wang, Lizhe and Vinel, Alexey},
  journal={International Journal of Communication Systems},
  volume={25},
  number={9},
  pages={1101},
  year={2012}
}